U2FsdGVkX19fTms3OENxUnTa5+DrMN07tbpUnZASschmMwNmkm6wXqmV4BfDZGRe
+NvCFZcSCy9UbMCmkTNJtP7r8vfepRC+jgYiSS1lusPXJEOdehhlg03PrLX0A5l6
4E0S89u8Kg7SR7bLuhDfv0/e5BEhVljmeMvZ592ABjvWs/WQqSj30C7TEm5guW9c
2NkCDAi5n/ukWV9x9Nk8SWrmPSBuxZeP8HBb3l1VSoTsaL0YiiSvml10UihheNqg
KGgCNeeaG43icnz0k4xE/aws+mqcp7IHw6dFZlRjNpJbRJeb2e8Ntcfbv6EIhw+w
u0pcdMu/wJ5N1S8xJy7FsBw8+hnQ+S4UIIxQisf90yMF3oombbo5bAzsA7LKhQxV
Wc+dqPPgGnyFHO9LRgVve2G+hD5lGnoFklo9vnQ1OJoq0mZXice/S4RQ0UEMEPCE
wB8erWVq0Aw/iC6ULkBSe3p2rbd391Cn2Q1hsKrWJv4Qqs8y+AtHZvvblQQmr+as
PRhEk6JHWedNkgwicxSdh0b4Um060GlrXEFicYND5FL8XwOyGbSF/cEnLRO1U6ep
K7L+JszpeFf76t7/eP1ITqExlKhUAC0SCA2ato2P1mVWbjMkMqA9OhehWPatjDLt
dDw0RzYjeMd9Mcn3pOSq5RO10YDTcEyZ9PBIfNkibHx9aQ091Djb5yK6ER1EOrYe
mA4r2z4lTAXBaTCsRiybHuv7AZ7E4v2SDtSHxP2NG9eTIZrKpIWpLd/eD0MesNoN
3WD/mfo7Sww5yL64NjwSjpguk5x3I0k3wlbestMTc+/b0jNIAv/KnlY8thAmMVu7
D4vt3uJx3HQ1qWzLK13OBmIMmoUSgQK35BVnY1+Pmts8nMVJ5unhqaolOhbh3Ph8
IteF6ObgTWGn783cA2yAjEukOP6XxhjY7VSu4VCFy3VMjSuSCxYZ0blPP/Y9nkW0
0xfG7DLIEPwcbSAI1C1HWPDDAP5bCCJcK1SjaAHbPT2hl0lP3P13i+34LR2X2PFJ
oveSh+IRgmZ6DnOSpywHx8n4tVq6bw47O30TN60xaTw754W4969AJ2IdAKWEcKwk
5jg1aRofce/uLtFlxcA3dtRf4MFSGbYyS9bi+LeMwbK8YHZV7N2aIv1seb+L6CjY
71nmYEjGnCcE0Ak1/vwFQe6qguf4OizONtviwF9Lw6Dz4gOJLzjoNY2aGHPo+fkx
yoO0u9wmeKFV2np/0x+WBPVBxlSk4eYnYng7ZJXuY8gSqCvT87LTAzgJ86V6Oggq
0xfG7DLIEPwcbSAI1C1HWMANMQRxQTe0553C5ABN1Hn2ksQC4W8PMu1Ws5yUFYc4
BJFQawZWoGle5v1rK84M4JMhmsqkhakt394PQx6w2g3++dxdjaZ7HM7wD+GCDFzy
ys+VIHEXPAeO2LgiJDvGnEj/CBGVn7QWqxAcYQ/sdYOUpWA3vuDCxxvoIzwDYAlM
cLAnrZNPhjGghWHj48Z74Kzw4mY4DcHmgYhIR3J9wI3kkxl/+DLcc2biOaDWE192
ztZt7kTOgj5sjtIOI6lKKjHtwx+0+LkbKg+ciLNBmkhzFm1pEVPiA4u0VBjv8SXQ
jv9CCTYzBnOYcYFSjZYtpZS/tFkOS+dOudcP2NgJ3KQGUtWVHPfW1jocNF/UNRKP
viRJ1H23gEqE0erKt8g3l9KGncwOc7MM3PDe30btnX3mU4lVgpR5dvP+wGzx+cQ3
U2M/WrdEuhe7PS3VJqp+PPL431UInYHZa1T6HR90SNWKwREivOt2rM7KYhxmYOsa
kIWJym8pfHyBYLR1vOAc04ZF48S8lEVAo4L5pDXsLGIDziQ+D5XHlnBF+bQhTCyW
pqjc9IMPPz/tcGK2lq7qxGZ5WJ+95JLI6aCao3aoGGXGkjd583EfwgD25tuPPojp
wR2IJezvFdY9JeAsw7/YzzwX2CF6SW6sGwncHBpHnxCoxfQibZszTdgAMD9aSz2b
pJRyw4hLwpwA1YeqKVmPkVigDitkHGl2q18y0nYQJYxrmqnZaIQPg+ONVGWuwLGr
7D6FfVzVqddhPPyn50YAgINdS6Z+m7uWeWZyG7V6nI+IY9ZiUJRBOVNrSJ3fH2PF
/zPn1YXEL5OTlDhVYihyJuLhj7yldml4LbbSvbtmysb1qtfLk0EEb2BlIvjy8Io0
bJonuxkV7P9B1t7/1R18nMqZM/WbDH1Si/x9oUhxHfD4qf5XtoQgGtgE2BkJF78o
nVj0zUr3ZIGDQcgB/tjUiGXdusuEMXvTpKcztXe1GKzMt//vxLPIP0e+l+WzGKQB
aXTPvI0ROIShVrjG7UgC1w==
