U2FsdGVkX19fTms3OENxUnTa5+DrMN07tbpUnZASschmMwNmkm6wXqmV4BfDZGRe
+NvCFZcSCy9UbMCmkTNJtP7r8vfepRC+jgYiSS1lusPXJEOdehhlg03PrLX0A5l6
4E0S89u8Kg7SR7bLuhDfv0/e5BEhVljmeMvZ592ABjvWs/WQqSj30C7TEm5guW9c
2NkCDAi5n/ukWV9x9Nk8SWrmPSBuxZeP8HBb3l1VSoTsaL0YiiSvml10UihheNqg
KGgCNeeaG43icnz0k4xE/aws+mqcp7IHw6dFZlRjNpJbRJeb2e8Ntcfbv6EIhw+w
u0pcdMu/wJ5N1S8xJy7FsBw8+hnQ+S4UIIxQisf90yMF3oombbo5bAzsA7LKhQxV
Wc+dqPPgGnyFHO9LRgVve2G+hD5lGnoFklo9vnQ1OJoq0mZXice/S4RQ0UEMEPCE
wB8erWVq0Aw/iC6ULkBSe3p2rbd391Cn2Q1hsKrWJv4Qqs8y+AtHZvvblQQmr+as
PRhEk6JHWedNkgwicxSdh0b4Um060GlrXEFicYND5FL8XwOyGbSF/cEnLRO1U6ep
K7L+JszpeFf76t7/eP1ITqExlKhUAC0SCA2ato2P1mVWbjMkMqA9OhehWPatjDLt
U3IAQfWEWx7UU94+hXIfdbqNm+0XhQ+6vudzqCpApJUeK7AFAqn/oXy83Y3tV7bP
rT9gYV/WUe9E5WihGydKYOUHePTvc0+270gh2lx9N/YzhLNyxKXOvBfzUNK0E2h2
Nndp4+NCi3GbSYLrUs89qQT44as2ZB+OUrHArT5jWL2HJZLhCuDg1MDRBXwK2SU5
JuD0A1TPP+6f2u8JI7Nucd7ms7YWm6mF+md475ufA+Drtb4PF3sEGr4mS4Ap++m4
XD/Y0eXmwNgQDVZGxruNEZRzPn/X+AIns9mF0CCgrD5dDytqZa0AM06TP4nkhpii
kyGayqSFqS3f3g9DHrDaDbbXytRKZM1BEQNcu/w2Gs66kSNTzdyJwLNiUxDK1a/l
WVQmg43Jqh87MFLNZoq9ugTh5/vkJ9BQqazs343wOvXH8074T8lNbsqhVAFERBfD
8fx69oAOPNIar+qRgmgH24/+79pq48KTnG99KLeKLwT7xC0MUsXJuVfQvCdJqaaf
V1dK3CLuyAhvYPJEa2iw03h7VjbXWlJler+3HligmR2uTbVzNv2FoXBOvDkxShzV
l1klquml6o8Oj9QYz0bd85qa6maaN2yL0lGlSy17swxkrGWR1AReev5hT/saQG8r
tRUvJaxeLzrpDhFPOPu5Vg0ATynCWS0utjFf4e8hcuIrSZz2j7BRwMf3QJjqAzer
O21bsPTlCEFMdNSUtzw8BV7oonuOZRp0CGpGRdgLui8=
